
@article{zhang_changes_2020,
	title = {Changes in contact patterns shape the dynamics of the {COVID}-19 outbreak in {China}},
	volume = {368},
	issn = {0036-8075, 1095-9203},
	url = {https://science.sciencemag.org/content/368/6498/1481},
	doi = {10.1126/science.abb8001},
	language = {en},
	number = {6498},
	urldate = {2020-07-07},
	journal = {Science},
	author = {Zhang, Juanjuan and Litvinova, Maria and Liang, Yuxia and Wang, Yan and Wang, Wei and Zhao, Shanlu and Wu, Qianhui and Merler, Stefano and Viboud, Cécile and Vespignani, Alessandro and Ajelli, Marco and Yu, Hongjie},
	month = jun,
	year = {2020},
	pmid = {32350060},
	note = {Publisher: American Association for the Advancement of Science
Section: Report},
	pages = {1481--1486},
}

@article{guclu_social_2016,
	title = {Social {Contact} {Networks} and {Mixing} among {Students} in {K}-12 {Schools} in {Pittsburgh}, {PA}},
	volume = {11},
	issn = {1932-6203},
	url = {https://journals.plos.org/plosone/article?id=10.1371/journal.pone.0151139},
	doi = {10.1371/journal.pone.0151139},
	language = {en},
	number = {3},
	urldate = {2020-07-08},
	journal = {PLOS ONE},
	author = {Guclu, Hasan and Read, Jonathan and Jr, Charles J. Vukotich and Galloway, David D. and Gao, Hongjiang and Rainey, Jeanette J. and Uzicanin, Amra and Zimmer, Shanta M. and Cummings, Derek A. T.},
	month = mar,
	year = {2016},
	note = {Publisher: Public Library of Science},
	keywords = {Children, Community structure, Infectious disease epidemiology, Influenza, Network analysis, Respiratory infections, Schools, Social networks},
	pages = {e0151139},
}

@misc{WA_report_card,
	title = {Report {Card} - {Washington} {State} {Report} {Card}},
	url = {https://washingtonstatereportcard.ospi.k12.wa.us/ReportCard/ViewSchoolOrDistrict/100229},
	urldate = {2020-07-08},
}

@article{davies_age-dependent_nodate,
	title = {Age-dependent effects in the transmission and control of {COVID}-19 epidemics},
	url = {https://doi.org/10.1038/s41591-020-0962-9},
	language = {en},
	author = {Davies, Nicholas G and Klepac, Petra and Liu, Yang and Prem, Kiesha and Jit, Mark},
	pages = {31},

}

@misc{couzin-frankel_school_2020,
	title = {School openings across globe suggest ways to keep coronavirus at bay, despite outbreaks},
	url = {https://www.sciencemag.org/news/2020/07/school-openings-across-globe-suggest-ways-keep-coronavirus-bay-despite-outbreaks},
	language = {en},
	urldate = {2020-08-05},
	journal = {Science {\textbar} AAAS},
	author = {Couzin-Frankel, Jennifer and Vogel, Gretchen and Weil, Meagan and Jul. 7 and {2020} and Pm, 4:00},
	month = jul,
	year = {2020},
	note = {Library Catalog: www.sciencemag.org},
}

@misc{vegas_reopening_2020,
	title = {Reopening the {World}: {Reopening} schools—{Insights} from {Denmark} and {Finland}},
	shorttitle = {Reopening the {World}},
	url = {https://www.brookings.edu/blog/education-plus-development/2020/07/06/reopening-the-world-reopening-schools-insights-from-denmark-and-finland/},
	abstract = {Emiliana Vegas reviews the experiences of Denmark and Finland with reopening K-12 schools after COVID-19.},
	language = {en-US},
	urldate = {2020-08-05},
	journal = {Brookings},
	author = {Vegas, Emiliana},
	month = jul,
	year = {2020},
	note = {Library Catalog: www.brookings.edu},
}

@article{park_early_nodate,
	title = {Early {Release} - {Contact} {Tracing} during {Coronavirus} {Disease} {Outbreak}, {South} {Korea}, 2020 - {Volume} 26, {Number} 10—{October} 2020 - {Emerging} {Infectious} {Diseases} journal - {CDC}},
	url = {https://wwwnc.cdc.gov/eid/article/26/10/20-1315_article},
	doi = {10.3201/eid2610.201315},
	abstract = {We analyzed reports for 59,073 contacts of 5,706 coronavirus disease (COVID-19) index patients reported in South Korea during January 20–March 27, 202...},
	language = {en-us},
	urldate = {2020-08-06},
	author = {Park, Young Joon and Choe, Young June and Park, Ok and Park, Shin Young and Kim, Young-Man and Kim, Jieun and Kweon, Sanghui and Woo, Yeonhee and Gwack, Jin and Kim, Seong Sun and Lee, Jin and Hyun, Junghee and Ryu, Boyeong and Jang, Yoon Suk and Kim, Hwami and Shin, Seung Hwan and Yi, Seonju and Lee, Sangeun and Kim, Hee Kyoung and Lee, Hyeyoung and Jin, Yeowon and Park, Eunmi and Choi, Seung Woo and Kim, Miyoung and Song, Jeongsuk and Choi, Si Won and Kim, Dongwook and Jeon, Byoung-Hak and Yoo, Hyosoon and Jeong, Eun Kyeong},
}

@article{kerr_covasim_2020,
	title = {Covasim: an agent-based model of {COVID}-19 dynamics and interventions},
	url = {https://www.medrxiv.org/content/10.1101/2020.05.10.20097469v1},
	doi = {10.1101/2020.05.10.20097469},
	language = {en},
	urldate = {2020-08-07},
	journal = {medRxiv},
	author = {Kerr, Cliff C. and Stuart, Robyn M. and Mistry, Dina and Abeysuriya, Romesh G. and Hart, Gregory and Rosenfeld, Katherine and Selvaraj, Prashanth and Nunez, Rafael C. and Hagedorn, Brittany and George, Lauren and Izzo, Amanda and Palmer, Anna and Delport, Dominic and Bennette, Carrie and Wagner, Bradley and Chang, Stewart and Cohen, Jamie A. and Panovska-Griffiths, Jasmina and Jastrzebski, Michal and Oron, Assaf P. and Wenger, Edward and Famulare, Michael and Klein, Daniel J.},
	month = may,
	year = {2020},
	note = {Publisher: Cold Spring Harbor Laboratory Press},
	pages = {2020.05.10.20097469},

}

@article{kerr_controlling_2020,
	title = {Controlling {COVID}-19 via test-trace-quarantine},
	url = {https://www.medrxiv.org/content/10.1101/2020.07.15.20154765v3},
	doi = {10.1101/2020.07.15.20154765},
	language = {en},
	urldate = {2020-08-07},
	journal = {medRxiv},
	author = {Kerr, Cliff C. and Mistry, Dina and Stuart, Robyn M. and Rosenfeld, Katherine and Hart, Gregory R. and Nunez, Rafael C. and Selvaraj, Prashanth and Cohen, Jamie A. and Abeysuriya, Romesh G. and George, Lauren and Hagedorn, Brittany and Jastrzebski, Michal and Fagalde, Meaghan and Duchin, Jeffrey and Famulare, Michael and Klein, Daniel J.},
	month = jul,
	year = {2020},
	note = {Publisher: Cold Spring Harbor Laboratory Press},
	pages = {2020.07.15.20154765},
}

@article{auger_association_2020,
	title = {Association {Between} {Statewide} {School} {Closure} and {COVID}-19 {Incidence} and {Mortality} in the {US}},
	url = {https://jamanetwork.com/journals/jama/fullarticle/2769034},
	doi = {10.1001/jama.2020.14348},
	language = {en},
	urldate = {2020-08-07},
	journal = {JAMA},
	author = {Auger, Katherine A. and Shah, Samir S. and Richardson, Troy and Hartley, David and Hall, Matthew and Warniment, Amanda and Timmons, Kristen and Bosse, Dianna and Ferris, Sarah A. and Brady, Patrick W. and Schondelmeyer, Amanda C. and Thomson, Joanna E.},
	month = jul,
	year = {2020},
}
